<record><leader>00000cas a22000007a 4500</leader><controlfield tag="001">14403000</controlfield><controlfield tag="008">861016d1857187utxudn ne      0    0eng d</controlfield><datafield ind1=" " ind2=" " tag="010"><subfield code="a">sn 86089620 </subfield></datafield><datafield ind1=" " ind2=" " tag="040"><subfield code="a">PPM</subfield><subfield code="b">eng</subfield><subfield code="c">PPM</subfield><subfield code="d">UKMGB</subfield><subfield code="d">OCLCQ</subfield></datafield><datafield ind1="7" ind2=" " tag="016"><subfield code="a">013917861</subfield><subfield code="2">Uk</subfield></datafield><datafield ind1=" " ind2=" " tag="042"><subfield code="a">msc</subfield></datafield><datafield ind1="0" ind2="0" tag="245"><subfield code="a">Galveston daily civilian.</subfield></datafield><datafield ind1="3" ind2="0" tag="246"><subfield code="a">Galveston civilian</subfield></datafield><datafield ind1="1" ind2="3" tag="246"><subfield code="a">Civilian</subfield></datafield><datafield ind1="1" ind2="7" tag="246"><subfield code="a">Daily civilian</subfield></datafield><datafield ind1=" " ind2=" " tag="260"><subfield code="a">Galveston, Tex. :</subfield><subfield code="b">Stuart, Durnett &amp; Brown</subfield></datafield><datafield ind1=" " ind2=" " tag="300"><subfield code="a">v. ;</subfield><subfield code="c">56 cm.</subfield></datafield><datafield ind1=" " ind2=" " tag="310"><subfield code="a">Daily (except Sun.)</subfield></datafield><datafield ind1=" " ind2=" " tag="321"><subfield code="a">Daily (except Mon.),</subfield><subfield code="b">Oct. 10, 1869-Feb. 6, 1870</subfield></datafield><datafield ind1=" " ind2=" " tag="515"><subfield code="a">Continues numbering of earlier editions.</subfield></datafield><datafield ind1=" " ind2=" " tag="588"><subfield code="a">Description based on: Vol. 20, no. 125 (Aug. 28, 1857).</subfield></datafield><datafield ind1=" " ind2=" " tag="752"><subfield code="a">United States</subfield><subfield code="b">Texas</subfield><subfield code="c">Galveston</subfield><subfield code="d">Galveston.</subfield></datafield><datafield ind1="0" ind2=" " tag="775"><subfield code="t">Semi-weekly civilian</subfield><subfield code="w">(DLC)sn 86089578</subfield></datafield><datafield ind1="0" ind2=" " tag="775"><subfield code="t">Tri-weekly civilian</subfield><subfield code="w">(DLC)sn 86089591</subfield></datafield><datafield ind1="0" ind2=" " tag="775"><subfield code="t">Civilian and gazette</subfield><subfield code="w">(DLC)sn 94059128</subfield></datafield><datafield ind1="0" ind2=" " tag="775"><subfield code="t">Civilian and gazette tri-weekly</subfield><subfield code="w">(DLC)sn 86089588</subfield></datafield><datafield ind1="0" ind2=" " tag="775"><subfield code="t">Galveston civilian--extra</subfield><subfield code="w">(DLC)sn 86089592</subfield></datafield><datafield ind1="0" ind2=" " tag="775"><subfield code="t">Galveston tri-weekly civilian</subfield><subfield code="w">(OCoLC)14403039</subfield></datafield><datafield ind1="0" ind2=" " tag="775"><subfield code="t">Galveston weekly civilian</subfield><subfield code="w">(OCoLC)10332982</subfield></datafield><datafield ind1="0" ind2="0" tag="785"><subfield code="t">Galveston civilian (Galveston, Tex. : Daily)</subfield><subfield code="w">(DLC)sn 84022282</subfield></datafield></record>